
@article{ADDIS,
    title = {Advantages and disadvantages of TinyOS},
    author = {Junaid Rehman},
    url = {https://www.itrelease.com/2018/07/advantages-and-disadvantages-of-tinyos/},
}
@article{paper,
    title = {TinyOS: An Operating Systemfor Sensor Networks},
    author = {P. Levis, S. Madden...},
    url = {https://people.eecs.berkeley.edu/~pister/290Q/Papers/levis06tinyos.pdf},
}
@article{repo,
    title = {TinyOS Repository},
    author = {Github},
    url = {https://github.com/tinyos/tinyos-main},
}
@article{patmos,
    title = {Patmos Repository},
    author = {Github},
    url = {https://github.com/t-crest/patmos},
}

